@inproceedings{Taigman_2014_CVPR,
	author = {Taigman, and others, Yaniv and Yang, Ming and Ranzato, Marc'Aurelio and Wolf, Lior},
	title = {DeepFace: Closing the Gap to Human-Level Performance in Face Verification},
	booktitle = {The IEEE Conference on Computer Vision and Pattern Recognition (CVPR)},
	month = {June},
	year = {2014}
} 

@inproceedings{Schroff_2015_CVPR,
	author = {Schroff, and others, Florian and Kalenichenko, Dmitry and Philbin, James},
	title = {FaceNet: A Unified Embedding for Face Recognition and Clustering},
	booktitle = {The IEEE Conference on Computer Vision and Pattern Recognition (CVPR)},
	month = {June},
	year = {2015}
} 


@inproceedings{Hirzer_2011_InProc,
	author = {Martin Hirzer, Csaba Beleznai, Peter M. Roth, and Horst Bischof},
	title = {Person Re-Identification by Descriptive and Discriminative Classification},
	booktitle = {In Proc. Scandinavian Conference on Image Analysis, 2011},
	year = {2011}
} 


@inproceedings{zheng2016mars,
	title={MARS: A Video Benchmark for Large-Scale Person Re-identification},
	author={Zheng, Liang and Bie, Zhi and Sun, Yifan and Wang, Jingdong and Su, Chi and Wang, Shengjin and Tian, Qi},
	booktitle={European Conference on Computer Vision},
	year={2016},
	organization={Springer}
}

@inproceedings{zheng2015scalableMarket1501,
	title={Scalable Person Re-identification: A Benchmark},
	author={Zheng, Liang and Shen, Liyue and Tian, Lu and Wang, Shengjin and Wang, Jingdong and Tian, Qi},
	booktitle={Computer Vision, IEEE International Conference on},
	year={2015}
}

@article{hermans2017defense,
	title={In defense of the triplet loss for person re-identification},
	author={Hermans, Alexander and Beyer, Lucas and Leibe, Bastian},
	journal={arXiv preprint arXiv:1703.07737},
	year={2017}
}

@article{xiaoEndToEndPersS,
	author    = {Tong Xiao and
	Shuang Li and
	Bochao Wang and
	Liang Lin and
	Xiaogang Wang},
	title     = {End-to-End Deep Learning for Person Search},
	journal   = {CoRR},
	volume    = {abs/1604.01850},
	year      = {2016},
	url       = {http://arxiv.org/abs/1604.01850},
	archivePrefix = {arXiv},
	eprint    = {1604.01850},
	timestamp = {Mon, 13 Aug 2018 16:46:13 +0200},
	biburl    = {https://dblp.org/rec/bib/journals/corr/XiaoLWLW16},
	bibsource = {dblp computer science bibliography, https://dblp.org}
}


%%%%%%%%%%%%%%%%%%%%%%%%%%%%%%%%%%%%%%%%%%%%%%%%%%%%%%%%%%%%%%%%%%%%%%%%%%%%%%%%%%%%%%%%%%
%%%%%%%%%%%%%%%%%%%%%%%%%%%%%%%%%%%%%%%%%%%%%%%%%%%%%%%%%%%%%%%%%%%%%%%%%%%%%%%%%%%%%%%%%%
%%%%%%%%%%%%%%%%%%%%%%%%%%%%%%%%%%%%%%%%%%%%%%%%%%%%%%%%%%%%%%%%%%%%%%%%%%%%%%%%%%%%%%%%%%
%%%%%%%%%%%%%%%%%%%%%%%%%%%%%%%%%%%%%%%%%%%%%%%%%%%%%%%%%%%%%%%%%%%%%%%%%%%%%%%%%%%%%%%%%%


@InProceedings{Xu_2020_CVPR,
author = {Xu, Hongyi and Bazavan, Eduard Gabriel and Zanfir, Andrei and Freeman, William T. and Sukthankar, Rahul and Sminchisescu, Cristian},
title = {GHUM & GHUML: Generative 3D Human Shape and Articulated Pose Models},
booktitle = {Proceedings of the IEEE/CVF Conference on Computer Vision and Pattern Recognition (CVPR)},
month = {June},
year = {2020}
}

@article{DBLP:journals/corr/abs-2006-10204,
  author    = {Valentin Bazarevsky and
               Ivan Grishchenko and
               Karthik Raveendran and
               Tyler Zhu and
               Fan Zhang and
               Matthias Grundmann},
  title     = {BlazePose: On-device Real-time Body Pose tracking},
  journal   = {CoRR},
  volume    = {abs/2006.10204},
  year      = {2020},
  url       = {https://arxiv.org/abs/2006.10204},
  eprinttype = {arXiv},
  eprint    = {2006.10204},
  timestamp = {Tue, 23 Jun 2020 17:57:22 +0200},
  biburl    = {https://dblp.org/rec/journals/corr/abs-2006-10204.bib},
  bibsource = {dblp computer science bibliography, https://dblp.org}
}

@misc{BLP_GITHUB,
  author = {Google},
  title = {BlazePose},
  publisher = {GitHub},
  journal = {GitHub repository},
  howpublished = {\url{https://github.com/google/mediapipe}},
}

@misc{DJITelloPy,
  author = {Damià Fuentes Escoté,Jakob Löw},
  title = {DJITelloPy},
  publisher = {GitHub},
  journal = {GitHub repository},
  howpublished = {\url{https://github.com/damiafuentes/DJITelloPy}},
}

@misc{tello_idea,
  author = {geaxgx1},
  title = {Tello drone and computer vision: selfie air stick},
  publisher = {YouTube},
  year = {2019},
  month = {5},
  day = {15},
  howpublished = {\url{https://github.com/damiafuentes/DJITelloPy}},
}